@ARTICLE{MTL_suppl,
       author = {Yang, Fan and Zhang, Hongyang R. and Wu, Sen and Su, Weijie J. and R\'e, Christopher},
        title = {Supplement to ``Sharp bias-variance tradeoffs of hard parameter sharing in high-dimensional linear regression"},
         year = "2020"
}

@article{EKN_poly,
title = "Local laws for polynomials of {W}igner matrices",
journal = "Journal of Functional Analysis",
volume = "278",
number = "12",
pages = "108507",
year = "2020",
author = "L{\' a}szl{\'o} Erd{\H o}s and Torben Kr{\"u}ger and Yuriy Nemish",
}

@article{hachem2007deterministic,
  title={Deterministic equivalents for certain functionals of large random matrices},
  author={Hachem, Walid and Loubaton, Philippe and Najim, Jamal},
  journal={The Annals of Applied Probability},
  volume={17},
  number={3},
  pages={875--930},
  year={2007},
  publisher={Institute of Mathematical Statistics}
}

@article{DS18,
	title={Distributed linear regression by averaging},
	author={Dobriban, Edgar and Sheng, Yue},
	journal={arXiv preprint arXiv:1810.00412},
	year={2018}
}

@ARTICLE{DY20201,
       author = {Ding, Xiucai and Yang, Fan},
        title = {Tracy-{W}idom distribution for the edge eigenvalues of {G}ram type random matrices},
      journal = {arXiv:2008.04166},
         year = "2020"
}

@book{girko2012theory,
  title={Theory of random determinants},
  author={Girko, Viacheslav Leonidovich},
  volume={45},
  year={2012},
  publisher={Springer Science \& Business Media}
}

@article{girko1985spectral,
  title={Spectral theory of random matrices},
  author={Girko, Vyacheslav L},
  journal={Russian Mathematical Surveys},
  volume={40},
  number={1},
  pages={77},
  year={1985},
  publisher={IOP Publishing}
}

@article{girko1975random,
  title={Random matrices},
  author={Girko, VL},
  journal={Handbook of Algebra, ed. Hazewinkel},
  volume={1},
  pages={27--78},
  year={1975}
}

@Article{YBK,
author="Yin, Y. Q. and Bai, Z. D. and Krishnaiah, P. R.",
title="On the limit of the largest eigenvalue of the large dimensional sample covariance matrix",
journal="Probability Theory and Related Fields",
year="1988",
volume="78",
pages="509--521"}

@article{BSY,
title = "A note on the largest eigenvalue of a large dimensional sample covariance matrix",
journal = "Journal of Multivariate Analysis",
volume = "26",
pages = "166 - 168",
year = "1988",
author = "Z.D Bai and Jack W Silverstein and Y.Q Yin"}

@article{SW,
title = "On the weak limit of the largest eigenvalue of a large dimensional sample covariance matrix",
journal = "Journal of Multivariate Analysis",
volume = "30",
pages = "307 - 311",
year = "1989",
author = "Silverstein, Jack W "}

@article{MP,
  author={Mar{\v c}enko, V. A. and Pastur, L. A.},
  title={Distribution of eigenvalues for some sets of random matrices},
  journal={Mathematics of the USSR-Sbornik},
  volume={1},
  pages={457},
  year={1967}}
  
@article{PA,
title = "Random matrix theory in statistics: A review ",
journal = "J. Stat. Plan. Inference",
volume = "150",
pages = "1 - 29",
year = "2014",
author = "Debashis Paul and Alexander Aue"}

@book{YZB,
Title = {Large Sample Covariance Matrices and High-Dimensional Data Analysis},
author = {Yao, J. and Bai, Z. and Zheng, S.},
publisher = {Cambridge University Press},
year = {2015}}

@article{OMH,
 author = {Alexei Onatski and Marcelo J. Moreira and Marc Hallin},
 journal = {The Annals of Statistics},
 number = {3},
 pages = {1204--1231},
 title = {ASYMPTOTIC POWER OF SPHERICITY TESTS FOR HIGH-DIMENSIONAL DATA},
 volume = {41},
 year = {2013}
}


@article{TW1,
author = "Tracy, Craig A. and Widom, Harold",
journal = "Comm. Math. Phys.",
pages = "151--174",
title = "Level-spacing distributions and the Airy kernel",
volume = "159",
year = "1994"}

@article{TW,
author = "Tracy, Craig A. and Widom, Harold",
journal = "Comm. Math. Phys.",
pages = "727--754",
title = "On orthogonal and symplectic matrix ensembles",
volume = "177",
year = "1996"}

@article{Karoui,
	Author = {El Karoui, N.},
	Journal = {Ann. Probab.},
	Volume = {35},
	Number = {2},
	Pages = {663-714},
	Title = {{T}racy-{W}idom Limit for the Largest Eigenvalue of a Large Class of Complex Sample Covariance Matrices},
	Year = {2007}}

@article{Onatski,
author = "Onatski, Alexei",
journal = "Ann. Appl. Probab.",
month = "04",
pages = "470--490",
title = "The {T}racy-{W}idom limit for the largest eigenvalues of singular complex {W}ishart matrices",
volume = "18",
year = "2008"
}

@article {Onatski2,
author = {Onatski, Alexei},
title = {Testing Hypotheses About the Number of Factors in Large Factor Models},
journal = {Econometrica},
volume = {77},
number = {5},
pages = {1447--1479},
year = {2009}
}


@article{Genetics,
    author = {Patterson, Nick AND Price, Alkes L AND Reich, David},
    journal = {PLOS Genetics},
    title = {Population Structure and Eigenanalysis},
    year = {2006},
    volume = {2},
    pages = {1-20},
    number = {12}
}

@Inbook{DT2011,
author="Dieng, Momar and Tracy, Craig A.",
editor="Harnad, John",
title="Application of Random Matrix Theory to Multivariate Statistics",
bookTitle="Random Matrices, Random Processes and Integrable Systems",
year="2011",
publisher="Springer New York",
address="New York, NY",
pages="443--507"}


@article{IJ2008,
author = "Johnstone, Iain M.",
journal = "Ann. Statist.",
number = "6",
pages = "2638--2716",
publisher = "The Institute of Mathematical Statistics",
title = "Multivariate analysis and {J}acobi ensembles: Largest eigenvalue, {T}racy-{W}idom limits and rates of convergence",
volume = "36",
year = "2008"}

@article{IJ,
Author ="Johnstone, Iain M.",
Journal = {arXiv:0611589},
Title = {High Dimensional Statistical Inference and Random Matrices}}

@article{IJ2,
author = "Johnstone, Iain M.",
journal = "Ann. Statist.",
pages = "295--327",
title = "On the distribution of the largest eigenvalue in principal components analysis",
volume = "29",
year = "2001"}


@article{RMT_Wireless,
year = {2004},
volume = {1},
journal = {Foundations and Trends in Communications and Information Theory},
title = {Random Matrix Theory and Wireless Communications},
author = {Antonia M. Tulino and Sergio Verd{\'u}}
}

@ARTICLE{Verdu, 
author={S. Verd{\'u}}, 
journal={IEEE Transactions on Information Theory}, 
title={Spectral efficiency in the wideband regime}, 
year={2002}, 
volume={48}, 
number={6}, 
pages={1319-1343}
}

@Article{KJ1999,
author="Kyriakidis, Phaedon C. and Journel, Andr{\'e} G.",
title="Geostatistical Space--Time Models: A Review",
journal="Mathematical Geology",
year="1999",
volume="31",
number="6",
pages="651--684"
}

@Article{MG2003,
author="Mitchell, Matthew W.
and Gumpertz, Marcia L.",
title="Spatio-temporal prediction inside a free-air $\text{CO}_2$ enrichment system",
journal="Journal of Agricultural, Biological, and Environmental Statistics",
year="2003",
volume="8",
number="3",
pages="310"
}

@article{LMS2008,
author = {Li, Bo and Genton, Marc G. and Sherman, Michael},
title = {Testing the covariance structure of multivariate random fields},
journal = {Biometrika},
volume = {95},
number = {4},
pages = {813-829},
year = {2008}
}

@article{MF2006,
title = "Testing for separability of spatial-temporal covariance functions",
journal = "Journal of Statistical Planning and Inference",
volume = "136",
number = "2",
pages = "447 - 466",
year = "2006",
author = "Montserrat Fuentes"
}

 
@article{BS_spike,
title = "Eigenvalues of large sample covariance matrices of spiked population models",
journal = "Journal of Multivariate Analysis",
volume = "97",
number = "6",
pages = "1382 - 1408",
year = "2006",
author = "Jinho Baik and Jack W. Silverstein"
}

@article{BBP,
author = "Baik, Jinho and Ben Arous, G{\'e}rard and P{\'e}ch{\'e}, Sandrine",
journal = "Ann. Probab.",
number = "5",
pages = "1643--1697",
title = "Phase transition of the largest eigenvalue for nonnull complex sample covariance matrices",
volume = "33",
year = "2005"
}

@article{DP_spike,
 author = {Debashis Paul},
 journal = {Statistica Sinica},
 number = {4},
 pages = {1617--1642},
 title = {ASYMPTOTICS OF SAMPLE EIGENSTRUCTURE FOR A LARGE DIMENSIONAL SPIKED COVARIANCE MODEL},
 volume = {17},
 year = {2007}
}


@article{PRE,
  title = {Spectral moments of correlated {W}ishart matrices},
  author = {Burda, Zdzis\l{}aw and Jurkiewicz, Jerzy and Wac\l{}aw, Bart\l{}omiej},
  journal = {Phys. Rev. E},
  volume = {71},
  issue = {2},
  pages = {026111},
  year = {2005}
  }


  
@book{JW,
  author = {Johnson, R. A., and Wichern, D. W.},
  Title = {Applied Multivariate Statistical Analysis},
  publisher = {Prentice Hall},
  edition   = {3},
  year = {2007}}

@book{SMK,
  author = {Kay, S. M.},
  Title = {Fundamentals of Statistical Signal Processing, Volume 2: Detection Theory},
  publisher = {Prentice-Hall},
  year = {1998}}
  
 @article{FF,
author = {Fama, EUGENE F. and French, KENNETH R.},
title = {The Cross-Section of Expected Stock Returns},
journal = {The Journal of Finance},
volume = {47},
number = {2},
pages = {427-465}
}

@article{FFL,
title = "High dimensional covariance matrix estimation using a factor model",
journal = "Journal of Econometrics",
volume = "147",
number = "1",
pages = "186 - 197",
year = "2008",
author = "Jianqing Fan and Yingying Fan and Jinchi Lv"
}

@article{FLL,
author = {Fan, Jianqing and Liao, Yuan and Liu, Han},
title = {An overview of the estimation of large covariance and precision matrices},
journal = {The Econometrics Journal},
volume = {19},
number = {1},
pages = {C1-C32}
}

@ARTICLE{BDMN, 
author={P. Bianchi and M. Debbah and M. Maida and J. Najim}, 
journal={IEEE Transactions on Information Theory}, 
title={Performance of Statistical Tests for Single-Source Detection Using Random Matrix Theory}, 
year={2011}, 
volume={57}, 
number={4}, 
pages={2400-2419}
}

@ARTICLE{NE, 
author={R. R. Nadakuditi and A. Edelman}, 
journal={IEEE Transactions on Signal Processing}, 
title={Sample Eigenvalue Based Detection of High-Dimensional Signals in White Noise Using Relatively Few Samples}, 
year={2008}, 
volume={56}, 
number={7}, 
pages={2625-2638}
}

@ARTICLE{NS, 
author={R. R. Nadakuditi and J. W. Silverstein}, 
journal={IEEE Journal of Selected Topics in Signal Processing}, 
title={Fundamental Limit of Sample Generalized Eigenvalue Based Detection of Signals in Noise Using Relatively Few Signal-Bearing and Noise-Only Samples}, 
year={2010}, 
volume={4}, 
number={3}, 
pages={468-480}
}

  
  
@article{TaoVu_4moment,
author = "Tao, Terence and Vu, Van",
journal = "Acta Math.",
number = "1",
pages = "127--204",
title = "Random matrices: Universality of local eigenvalue statistics",
volume = "206",
year = "2011"
}

@Article{TaoVu_edge,
author="Tao, Terence and Vu, Van",
title="Random Matrices: Universality of Local Eigenvalue Statistics up to the Edge",
journal="Communications in Mathematical Physics",
year="2010",
volume="298",
number="2",
pages="549--572"
}

@article{DY,
author = "Ding, Xiucai and Yang, Fan",
journal = "Ann. Appl. Probab.",
number = "3",
pages = "1679--1738",
title = "A necessary and sufficient condition for edge universality at the largest singular values of covariance matrices",
volume = "28",
year = "2018"
}

@Article{KY,
author="Knowles, Antti and Yin, Jun",
title="The isotropic semicircle law and deformation of {W}igner matrices",
journal="Comm. Pure Appl. Math.",
year="2013",
volume="66",
pages="1663--1749"}

@article{LY,
author = "Lee, Ji Oon and Yin, Jun",
journal = "Duke Math. J.",
pages = "117--173",
title = "A necessary and sufficient condition for edge universality of {W}igner matrices",
volume = "163",
year = "2014"}

@article{Landon_edge,
	Author = {Benjamin Landon and Horng-Tzer Yau},
	Journal = {arXiv:1712.03881},
	Title = {Edge statistics of Dyson Brownian motion}}


@article{YF_separable2,
	Author = {Fan Yang},
	Journal = {In preparation},
	Title = {Edge eigenvalue statistics of separable covariance matrices: the Tracy-Widom law}}
	
@article{XYY_circular,
author = "Xi, Haokai and Yang, Fan and Yin, Jun",
journal = "Electron. J. Probab.",
pages = "77 pp.",
pno = "60",
title = "Local circular law for the product of a deterministic matrix with a random matrix",
volume = "22",
year = "2017"
}

@article{yang2019spiked,
author = "Yang, Fan",
journal = "Electron. J. Probab.",
pages = "57 pp.",
pno = "123",
title = "Edge universality of separable covariance matrices",
volume = "24",
year = "2019"
}

@article{No_outside,
author = "Bai, Z. D. and Silverstein, Jack W.",
journal = "Ann. Probab.",
number = "1",
pages = "316--345",
title = "No eigenvalues outside the support of the limiting spectral distribution of large-dimensional sample covariance matrices",
volume = "26",
year = "1998"
}

@article{XYY_VESD,
	Author = {Xi, Haokai and Yang, Fan and Yin, Jun},
	Journal = {arXiv:1705.03954},
	Title = {Convergence of eigenvector empirical spectral distribution of sample covariance matrices}}
	
@article{XYZ2013,
author = "Xia, Ningning and Qin, Yingli and Bai, Zhidong",
journal = "Ann. Statist.",
number = "5",
pages = "2572--2607",
title = "Convergence rates of eigenvector empirical spectral distribution of large dimensional sample covariance matrix",
volume = "41",
year = "2013"
}

@article{Forr,
title = "The spectrum edge of random matrix ensembles",
journal = "Nucl. Phys. B",
volume = "402",
number = "3",
pages = "709 - 728",
year = "1993",
author = "P.J. Forrester"}
%note = "",
%issn = "0550-3213",}

@article{Separable,
title = "No eigenvalues outside the support of the limiting empirical spectral distribution of a separable covariance matrix",
journal = "Journal of Multivariate Analysis",
volume = "100",
number = "1",
pages = "37 - 57",
year = "2009",
author = "Debashis Paul and Jack W. Silverstein"
}

@article{Karoui2009,
author = "El Karoui, Noureddine",
journal = "Ann. Appl. Probab.",
number = "6",
pages = "2362--2405",
title = "Concentration of measure and spectra of random matrices: Applications to correlation matrices, elliptical distributions and beyond",
volume = "19",
year = "2009"
}

@article{WANG2014,
title = "Limiting spectral distribution of renormalized separable sample covariance matrices when $p/n \to 0$",
journal = "Journal of Multivariate Analysis",
volume = "126",
pages = "25 - 52",
year = "2014",
author = "Lili Wang and Debashis Paul"
}

@book{Zhang_thesis,
  author = {Zhang, L.},
  Title = {Spectral Analysis of Large Dimensional Random Matrices},
  publisher = {PhD thesis, National University of Singapore},
  year = {2006}
}
  
  
@article{Hachem2007,
author = "Hachem, Walid and Loubaton, Philippe and Najim, Jamal",
journal = "Ann. Appl. Probab.",
number = "3",
pages = "875--930",
title = "Deterministic equivalents for certain functionals of large random matrices",
volume = "17",
year = "2007"
}

@article{Separable_solution,
author = {Couillet, Romain and Hachem, Walid},
title = {Analysis of the limiting spectral measure of large random matrices of the separable covariance type},
journal = {Random Matrices: Theory and Applications},
volume = {03},
number = {04},
pages = {1450016},
year = {2014}
}

@article{AEK_Gram,
author = "Alt, Johannes and Erd{\H o}s, L. and Kr{\" u}ger, Torben",
journal = "Electron. J. Probab.",
pages = "41 pp.",
pno = "25",
title = "Local law for random {G}ram matrices",
volume = "22",
year = "2017"
}

@article{Alt_Gram,
author = "Alt, Johannes",
journal = "Electron. Commun. Probab.",
pages = "13 pp.",
pno = "63",
title = "Singularities of the density of states of random {G}ram matrices",
volume = "22",
year = "2017"
}

@book{AGZ,
  author = {Anderson, G. W. and Guionnet, A. and Zeitouni, O.},
  Title = {An Introduction to Random Matrices},
  publisher = {Cambridge University Press},
  year = {2010}}
  
@book{VDN,
  author = {Voiculescu, D. V. and Dykema, K. J. and Nica, A.},
  Title = {Free Random Variables: A Noncommutative Probability Approach to Free Products with Applications to Random Matrices, Operator Algebras, and Harmonic Analysis on Free Groups},
  publisher = {American Mathematical Society},
  year = {1992}}

@article{Ginibre,
   author = "Ginibre, Jean",
   title = "Statistical Ensembles of Complex, Quaternion, and Real Matrices",
   journal = "J. Math. Phys.",
   year = "1965",
   volume = "6",
   number = "3", 
   pages = "440-449"}

	
@book{Mehta,
  author = {Mehta, Madan Lal},
  Title = {Random matrices},
  publisher = {Elsevier, Amsterdam},
  year = {2004},
  volume = {142},
  edition = {3},
  series = {Pure and Applied Mathematics}}


@article{Edelman1997,
title = "The Probability that a Random Real Gaussian Matrix has {$k$} Real Eigenvalues, Related Distributions, and the Circular Law ",
journal = "J. Multivar. Anal.",
volume = "60",
number = "2",
pages = "203 - 232",
year = "1997",
author = "Edelman, Alan"}

@article{Borodin2009,
author="Borodin, A. and Sinclair, C. D.",
title="The {G}inibre Ensemble of Real Random Matrices and its Scaling Limits",
journal="Commun. Math. Phys.",
year="2009",
volume="291",
number="1",
pages="177--224"}

@article{Forrester2007,
  title = {Eigenvalue Statistics of the Real {G}inibre Ensemble},
  author = {Forrester, Peter J. and Nagao, Taro},
  journal = {Phys. Rev. Lett.},
  volume = {99},
  issue = {5},
  pages = {050603},
  year = {2007}}


@article{Sinclair2007,
  title = {Averages over {G}inibre's Ensemble of Random Real Matrices},
  author = {Sinclair, C. D.},
  journal = {Int. Math. Res. Not.},
  volume = {2007},
  pages = {1-15},
  year = {2007}}


@article{Girko,
	Author = {Girko, V.L.},
	Journal = {Russ. Teor. Veroyatnost. i Primenen.},
	Pages = {669-679},
	Title = {The circular law},
	Volume = {29},
	Number={4},
	Year = {1984}}
	
@article{Single_ring,
	Author = {Guionnet, A. and Krishnapur, M. and Zeitouni, O.},
	Journal = {Ann. Math.},
	Pages = {1189-1217},
	Title = {The single ring theorem},
	Volume = {174},
	Number = {2},
	Year = {2011}}

@article{Semicircle,
	Author = {Erd{\H o}s, L. and Knowles, A. and Yau, H.-T. and Yin, J.},
	Journal = {Electron. J. Probab.},
	Pages = {1-58},
	Title = {The local semicircle law for a general class of random matrices},
	Volume = {18},
	Year = {2013}}
	
@article{Anisotropic,
	author="Knowles, Antti and Yin, Jun",
         title="Anisotropic local laws for random matrices",
         journal="Probability Theory and Related Fields",
         year="2016",
         pages="1--96"}

@article{Regularity1,
	Author = {El Karoui, N.},
	Journal = {Ann. Probab.},
	Volume = {35},
	Number = {2},
	Pages = {663-714},
	Title = {Tracy-Widom Limit for the Largest Eigenvalue of a Large Class of Complex Sample Covariance Matrices},
	Year = {2007}}

@article{BPZ1,
	Author = {Bao, Z. and Pan, G. and Zhou, W.},
	Journal = {Ann. Statist.},
	Volume = {43},
	Number = {1},
	Pages = {382-421},
	Title = {Universality for the largest eigenvalue of sample covariance matrices with general population},
	Year = {2015}}

@article{LS,
	author = "Lee, Ji Oon and Schnelli, Kevin",
         journal = "Ann. Appl. Probab.",
         pages = "3786--3839",
         title = "Tracy-{W}idom distribution for the largest eigenvalue of real sample covariance matrices with general population",
         volume = "26",
         year = "2016"}
	
@article{Regularity4,
	Author = {Onatski, A.},
	Journal = {Ann. Appl. Probab.},
	Volume = {18},
	Number = {2},
	Pages = {470-490},
	Title = {The Tracy-Widom limit for the largest eigenvalues of singular complex Wishart matrices},
	Year = {2008}}	

@article{Regularity5,
	Author = {Hachem, W. and Hardy, A. and Najim, J.},
	Journal = {arXiv:1409.7548},
	Title = {Large Complex Correlated Wishart Matrices: Fluctuations and Asymptotic Independence at the Edges}}	

@article{Bulk_univ,
	Author = {Erd{\H o}s, L. and Yau, H.-T. and Yin, J.},
	Journal = {Probab. Theory Relat. Fields},
	Volume = {154},
	Number = {1},
	Pages = {341-407},
	Title = {Bulk universality for generalized {W}igner matrices},
	Year = {2012}}

@article{EKYY1,
	Author = {Erd{\H o}s, L. and Knowles, A. and Yau, H.-T. and Yin, J.},
	Journal = {Ann. Probab.},
	Volume = {41},
	Number = {3B},
	Pages = {2279-2375},
	Title = {Spectral statistics of {E}rd{\H o}s-{R}{\' e}nyi graphs {I}: Local semicircle law},
	Year = {2013}}

@Article{EKYY,
author="Erd{\H{o}}s, L{\'a}szl{\'o} and Knowles, Antti and Yau, Horng-Tzer and Yin, Jun",
title="Spectral Statistics of {E}rd{\H{o}}s-{R}{\'e}nyi Graphs {II}: Eigenvalue Spacing and the Extreme Eigenvalues",
journal="Comm. Math. Phys.",
year="2012",
volume="314",
pages="587--640"}

@article{EYY,
title = "Rigidity of eigenvalues of generalized {W}igner matrices ",
journal = "Advances in Mathematics ",
volume = "229",
pages = "1435 - 1515",
year = "2012",
author = "Erd{\H{o}}s, L{\'a}szl{\'o} and Yau, Horng-Tzer and Yin, Jun"}

@article{PY,
author = "Pillai, Natesh S. and Yin, Jun",
journal = "Ann. Appl. Probab.",
pages = "935--1001",
title = "Universality of covariance matrices",
volume = "24",
year = "2014"}

@article{isotropic,
	Author = {Bloemendal, A. and Erd{\H o}s, L. and Knowles, A. and Yau, H.-T. and Yin, J.},
	Journal = {Electron. J. Probab.},
	Volume = {19},
	Number = {33},
	Pages = {1-53},
	Title = {Isotropic Local Laws for Sample Covariance and Generalized {W}igner Matrices},
	Year = {2014}}

@article {isotropic_deform,
author = {Knowles, Antti and Yin, Jun},
title = {The Isotropic Semicircle Law and Deformation of Wigner Matrices},
fjournal = {Communications on Pure and Applied Mathematics},
journal = {Comm. Pure Appl. Math.},
volume = {66},
number = {11},
pages = {1663--1749},
year = {2013}}

	
@article{principal,
	Author = {Bloemendal, A. and Knowles, A. and Yau, H.-T. and Yin, J.},
	Journal = {Prob. Theor. Rel. Fields},
	Volume = {164},
	Number = {1},
	Pages = {459-552},
	Title = {On the principal components of sample covariance matrices},
	Year = {2016}}

@article{local_circular,
	Author = {Bourgade, P. and Yau, H.-T. and Yin, J.},
	Journal = {Probab. Theory Relat. Fields},
	Pages = {545-595},
	Title = {Local Circular Law for Random Matrices},
	Volume = {159},
	Year = {2014}}

@Article{local_circularII,
author="Bourgade, Paul and Yau, Horng-Tzer and Yin, Jun",
title="The local circular law {II}: the edge case",
journal="Probab. Theory Relat. Fields",
year="2014",
volume="159",
number="3",
pages="619--660"}
	
@Article{local_circularIII,
author="Yin, Jun",
title="The local circular law {III}: general case",
journal="Probab. Theory Relat. Fields",
year="2014",
volume="160",
number="3",
pages="679--732"}

@article{local_law,
author="Erd{\H{o}}s, L{\'a}szl{\'o} and Schlein, Benjamin and Yau, Horng-Tzer",
title="Local Semicircle Law and Complete Delocalization for {W}igner Random Matrices",
journal="Commun. Math. Phys.",
year="2008",
volume="287",
number="2",
pages="641--655"}
		
@article{Delocal,
	Author = {Erd{\H o}s, L. and Knowles, A. and Yau, H.-T. and Yin, J.},
	Journal = {Commun. Math. Phys.},
	Volume = {323},
	Pages = {367-416},
	Title = {Delocalization and Diffusion Profile for Random Band Matrices},
	Year = {2013}}
	
@article{Average_fluc,
	Author = {Erd{\H o}s, L. and Knowles, A. and Yau, H.-T.},
	Journal = {Ann. Henri Poincar\'e},
	Volume = {14},
	Pages = {1837-1926},
	Title = {Averaging Fluctuations in Resolvents of Random Band Matrices},
	Year = {2013}}
	
@incollection{Handbook_DS,
	Title = {Local operator theory, random matrices and Banach spaces},
	Editor = {Johnson, W. B. and Lindenstrauss, J.},
	publisher = {North-Holland, Amsterdam},
	year = {2001},
	volume = {1},
	pages = {317 - 366},
	series = {Handbook of the Geometry of Banach Spaces},
	author = {Davidson, K. R. and Szarek, S. J.}}
	
@article{RudVersh_square,
	Author = {Rudelson, M. and Vershynin,  R.},
	Journal = {Adv. Math.},
	Pages = {600-633},
	Title = {The Littlewood-Offord Problem and invertibility of random matrices},
	Volume = {218},
	Year = {2008}}
	
@article{Rud_Annal,
	Author = {Rudelson, M.},
	Journal = {Ann. Math.},
	Pages = {575-600},
	Title = {Invertibility of random matrices: norm of the inverse},
	Volume = {168},
	Number = {2},
	Year = {2008}}

@article{RudVersh_rect,
	Author = {Rudelson, M. and Vershynin, R.},
	Journal = {Comm. Pure Appl. Math.},
	Pages = {1707-1739},
	Title = {The smallest singular value of a random rectangular matrix},
	Volume = {62},
	Year = {2009}}

@article{RudVersh_smallball,
	Author = {Rudelson, M. and Vershynin, R.},
	Journal = {Int. Math. Res. Notices},
	Pages = {9594-9617},
	Title = {Small ball probabilities for linear images of high-dimensional distributions},
	Volume = {2015},
	Number={19},
	Year = {2015}}
	
@article{Random_polytopes,
	title = "Smallest singular value of random matrices and geometry of random polytopes ",
	journal = "Adv. Math.",
	volume = "195",
	number = "2",
	pages = "491 - 523",
	year = "2005",
	author = "A.E. Litvak and A. Pajor and M. Rudelson and N. Tomczak-Jaegermann"}

@article{TaoVu_circular,
	Author = {Tao, T. and Vu, V.},
	Journal = {Commun. Contemp. Math.},
	Pages = {261-307},
	Title = {Random matrices: the circular Law},
	Volume = {10},
	Number={2},
	Year = {2008}}	

@article{TaoVu_local,
author = "Tao, Terence and Vu, Van",
fjournal = "The Annals of Probability",
journal = "Ann. Probab.",
number = "2",
pages = "782--874",
title = "Random matrices: {U}niversality of local spectral statistics of non-{H}ermitian matrices",
volume = "43",
year = "2015"}

@article{Bai1997,
author = "Bai, Z. D.",
fjournal = "The Annals of Probability",
journal = "Ann. Probab.",
number = "1",
pages = "494--529",
title = "Circular law",
volume = "25",
year = "1997"}

@book{Bai2006,
	Title = {Spectral Analysis of Large Dimensional Random Matrices},
	author = {Bai, Z. D. and Silverstein, Jack W.},
	publisher = {Science Press, Beijing},
	year = {2006},
	volume = {2},
	series = {Mathematics Monograph Series}}

@article{PanZhou_circular,
title = {Circular law, extreme singular values and potential theory},
author = {Pan, Guangming and Zhou, Wang},
year = {2010},
journal = {J. Multivar. Anal.},
volume = {101},
number = {3},
pages = {645-656}}

@article{gotze2010,
author = "G{\H o}tze, Friedrich and Tikhomirov, Alexander",
fjournal = "The Annals of Probability",
journal = "Ann. Probab.",
number = "4",
pages = "1444--1491",
title = "The circular law for random matrices",
volume = "38",
year = "2010"}

@article{tao2010,
author = "Tao, Terence and Vu, Van and Krishnapur, Manjunath",
fjournal = "The Annals of Probability",
journal = "Ann. Probab.",
number = "5",
pages = "2023--2065",
title = "Random matrices: Universality of {ESD}s and the circular law",
volume = "38",
year = "2010"}

@article{sur2019modern,
	title={A modern maximum-likelihood theory for high-dimensional logistic regression},
	author={Sur, Pragya and Cand{\`e}s, Emmanuel J},
	journal={Proceedings of the National Academy of Sciences},
	volume={116},
	number={29},
	pages={14516--14525},
	year={2019},
	publisher={National Acad Sciences}
}


@article{dobriban2020wonder,
	title={WONDER: Weighted One-shot Distributed Ridge Regression in High Dimensions.},
	author={Dobriban, Edgar and Sheng, Yue},
	journal={Journal of Machine Learning Research},
	volume={21},
	number={66},
	pages={1--52},
	year={2020}
}
