
@article{erdos2017dynamical,
  title={A dynamical approach to random matrix theory},
  author={Erdos, L{\'a}szl{\'o} and Yau, Horng-Tzer},
  journal={Courant Lecture Notes in Mathematics},
  volume={28},
  year={2017}
}

@book{tao2012topics,
  title={Topics in Random Matrix Theory},
  author={Tao, Terence},
  volume={132},
  year={2012},
  publisher={American Mathematical Soc.}
}

@article{Fmatrix,
author = "Zheng, Shurong and Bai, Zhidong and Yao, Jianfeng",
journal = "Bernoulli",
number = "2",
pages = "1130--1178",
title = "{CLT} for eigenvalue statistics of large-dimensional general {F}isher matrices with applications",
volume = "23",
year = "2017"
}

@book{anderson1958introduction,
	Author = {Anderson, Theodore W},
	Publisher = {Wiley New York},
	Title = {An Introduction to Multivariate Statistical Analysis},
	Year = {2003}}
	
@book{bai2009spectral,
	Author = {Bai, Zhidong and Silverstein, Jack W},
	Publisher = {Springer},
        Address = {New York},
	Series = {Springer Series in Statistics},
	Title = {Spectral analysis of large dimensional random matrices},
        Edition = {2nd},
	Year = {2010}}
	
@book{nica2006lectures,
  title={Lectures on the combinatorics of free probability},
  author={Nica, Alexandru and Speicher, Roland},
  volume={13},
  year={2006},
  publisher={Cambridge University Press}
}

@inproceedings{ZSSGM18,
	title={Taskonomy: Disentangling task transfer learning},
	author={Zamir, Amir R and Sax, Alexander and Shen, William and Guibas, Leonidas J and Malik, Jitendra and Savarese, Silvio},
	booktitle={Proceedings of the IEEE Conference on Computer Vision and Pattern Recognition},
	pages={3712--3722},
	year={2018}
}

}@article{PY09,
	title={A survey on transfer learning},
	author={Pan, Sinno Jialin and Yang, Qiang},
	journal={IEEE Transactions on knowledge and data engineering},
	volume={22},
	number={10},
	pages={1345--1359},
	year={2009},
	publisher={IEEE}
}

@article{K18,
	title={An introduction to domain adaptation and transfer learning},
	author={Kouw, Wouter M},
	journal={arXiv preprint arXiv:1812.11806},
	year={2018}
}


@article{LPTV09,
	title={Taking advantage of sparsity in multi-task learning},
	author={Lounici, Karim and Pontil, Massimiliano and Tsybakov, Alexandre B and Van De Geer, Sara},
	journal={arXiv preprint arXiv:0903.1468},
	year={2009}
}


@article{LPVT11,
	title={Oracle inequalities and optimal inference under group sparsity},
	author={Lounici, Karim and Pontil, Massimiliano and Van De Geer, Sara and Tsybakov, Alexandre B and others},
	journal={The annals of statistics},
	volume={39},
	number={4},
	pages={2164--2204},
	year={2011},
	publisher={Institute of Mathematical Statistics}
}

@inproceedings{WZR20,
	title={Understanding and Improving Information Transfer in Multi-Task Learning},
	author={Sen Wu and Hongyang R. Zhang and Christopher RÃ©},
	booktitle={International Conference on Learning Representations},
	year={2020}
}

@inproceedings{KD12,
	title={Learning task grouping and overlap in multi-task learning},
	author={Kumar, Abhishek and Daum{\'e} III, Hal},
	booktitle={Proceedings of the 29th International Coference on International Conference on Machine Learning},
	year={2012}
}

@article{EA20,
	title={Multi-task weak supervision enables automatedabnormality localization in whole-body FDG-PET/CT},
	author = {Sabri Eyuboglu and Geoffrey Angus and Bhavik N. Patel and Anuj Pareek and Guido Davidzon and JaredDunnmon and Matthew P. Lungren},
	year = {2020},
	url={http://stanford.edu/~gangus/res/petct.pdf}
}

@inproceedings{YCBL14,
	title={How transferable are features in deep neural networks?},
	author={Yosinski, Jason and Clune, Jeff and Bengio, Yoshua and Lipson, Hod},
	booktitle={Advances in neural information processing systems},
	pages={3320--3328},
	year={2014}
}

@article{YKGLHF20,
	title={Gradient surgery for multi-task learning},
	author={Yu, Tianhe and Kumar, Saurabh and Gupta, Abhishek and Levine, Sergey and Hausman, Karol and Finn, Chelsea},
	journal={arXiv preprint arXiv:2001.06782},
	year={2020}
}

@inproceedings{CBLR18,
	title={GradNorm: Gradient Normalization for Adaptive Loss Balancing in Deep Multitask Networks},
	author={Chen, Zhao and Badrinarayanan, Vijay and Lee, Chen-Yu and Rabinovich, Andrew},
	booktitle={International Conference on Machine Learning},
	pages={794--803},
	year={2018}
}

@inproceedings{LV19,
  title={Efficient Multi-Domain Learning by Covariance Normalization},
  author={Li, Yunsheng and Vasconcelos, Nuno},
  booktitle={Proceedings of the IEEE Conference on Computer Vision and Pattern Recognition},
  pages={5424--5433},
  year={2019}
}

@article{MTDNN19,
title={Multi-task deep neural networks for natural language understanding},
author={Liu, Xiaodong and He, Pengcheng and Chen, Weizhu and Gao, Jianfeng},
journal={arXiv preprint arXiv:1901.11504},
year={2019}
}

@article{R17,
title={An overview of multi-task learning in deep neural networks},
author={Ruder, Sebastian},
journal={arXiv preprint arXiv:1706.05098},
year={2017}
}


@article{LTSM16,
title={Algorithm-dependent generalization bounds for multi-task learning},
author={Liu, Tongliang and Tao, Dacheng and Song, Mingli and Maybank, Stephen J},
journal={IEEE transactions on pattern analysis and machine intelligence},
volume={39},
number={2},
pages={227--241},
year={2016},
publisher={IEEE}
}

@incollection{BS03,
title={Exploiting task relatedness for multiple task learning},
author={Ben-David, Shai and Schuller, Reba},
booktitle={Learning Theory and Kernel Machines},
pages={567--580},
year={2003},
publisher={Springer}
}


@article{BBCKP10,
title={A theory of learning from different domains},
author={Ben-David, Shai and Blitzer, John and Crammer, Koby and Kulesza, Alex and Pereira, Fernando and Vaughan, Jennifer Wortman},
journal={Machine learning},
volume={79},
number={1-2},
pages={151--175},
year={2010},
publisher={Springer}
}

@article{chexnet17,
title={Chexnet: Radiologist-level pneumonia detection on chest x-rays with deep learning},
author={Rajpurkar, Pranav and Irvin, Jeremy and Zhu, Kaylie and Yang, Brandon and Mehta, Hershel and Duan, Tony and Ding, Daisy and Bagul, Aarti and Langlotz, Curtis and Shpanskaya, Katie and others},
journal={arXiv preprint arXiv:1711.05225},
year={2017}
}

@article{ZY17,
title={A survey on multi-task learning},
author={Zhang, Yu and Yang, Qiang},
journal={arXiv preprint arXiv:1707.08114},
year={2017}
}

@article{AP16,
title={When is multitask learning effective? Semantic sequence prediction under varying data conditions},
author={Alonso, H{\'e}ctor Mart{\'\i}nez and Plank, Barbara},
journal={arXiv preprint arXiv:1612.02251},
year={2016}
}

@article{BS17,
title={Identifying beneficial task relations for multi-task learning in deep neural networks},
author={Bingel, Joachim and S{\o}gaard, Anders},
journal={arXiv preprint arXiv:1702.08303},
year={2017}
}

@article{C97,
title={Multitask learning},
author={Caruana, Rich},
journal={Machine learning},
volume={28},
number={1},
pages={41--75},
year={1997},
publisher={Springer}
}

@article{C93,
title={Multitask learning: A knowledge-based source of inductive bias},
author={Caruana, Rich},
journal={Proceedings of the Tenth International Conference on Machine Learning}
}

@article{M06,
title={Bounds for linear multi-task learning},
author={Maurer, Andreas},
journal={Journal of Machine Learning Research},
volume={7},
number={Jan},
pages={117--139},
year={2006}
}

@article{MPR16,
title={The benefit of multitask representation learning},
author={Maurer, Andreas and Pontil, Massimiliano and Romera-Paredes, Bernardino},
journal={The Journal of Machine Learning Research},
volume={17},
number={1},
pages={2853--2884},
year={2016},
publisher={JMLR. org}
}

@inproceedings{GLUE,
title={GLUE: A Multi-Task Benchmark and Analysis Platform for Natural Language Understanding},
author={Wang, Alex and Singh, Amanpreet and Michael, Julian and Hill, Felix and Levy, Omer and Bowman, Samuel},
booktitle={Proceedings of the 2018 EMNLP Workshop BlackboxNLP: Analyzing and Interpreting Neural Networks for NLP},
pages={353--355},
year={2018}
}

@inproceedings{superglue,
title={Superglue: A stickier benchmark for general-purpose language understanding systems},
author={Wang, Alex and Pruksachatkun, Yada and Nangia, Nikita and Singh, Amanpreet and Michael, Julian and Hill, Felix and Levy, Omer and Bowman, Samuel},
booktitle={Advances in Neural Information Processing Systems},
pages={3261--3275},
year={2019}
}

@article{B00,
title={A model of inductive bias learning},
author={Baxter, Jonathan},
journal={Journal of artificial intelligence research},
volume={12},
pages={149--198},
year={2000}
}

@article{AZ05,
title={A framework for learning predictive structures from multiple tasks and unlabeled data},
author={Ando, Rie Kubota and Zhang, Tong},
journal={Journal of Machine Learning Research},
volume={6},
number={Nov},
pages={1817--1853},
year={2005}
}

@inproceedings{lei2018simple,
title={Simple recurrent units for highly parallelizable recurrence},
author={Lei, Tao and Zhang, Yu and Wang, Sida I and Dai, Hui and Artzi, Yoav},
booktitle={Proceedings of the 2018 Conference on Empirical Methods in Natural Language Processing},
pages={4470--4481},
year={2018}
}

@article{BLLT20,
title={Benign overfitting in linear regression},
author={Bartlett, Peter L and Long, Philip M and Lugosi, G{\'a}bor and Tsigler, Alexander},
journal={Proceedings of the National Academy of Sciences},
year={2020},
publisher={National Acad Sciences}
}

@article{HMRT19,
title={Surprises in high-dimensional ridgeless least squares interpolation},
author={Hastie, Trevor and Montanari, Andrea and Rosset, Saharon and Tibshirani, Ryan J},
journal={arXiv preprint arXiv:1903.08560},
year={2019}
}

@book{HTF09,
title={The elements of statistical learning: data mining, inference, and prediction},
author={Hastie, Trevor and Tibshirani, Robert and Friedman, Jerome},
year={2009},
publisher={Springer Science \& Business Media}
}

@book{S07,
title={Multiparametric statistics},
author={Serdobolskii, Vadim Ivanovich},
year={2007},
publisher={Elsevier}
}

@inproceedings{LZWDA18,
title={Simple recurrent units for highly parallelizable recurrence},
author={Lei, Tao and Zhang, Yu and Wang, Sida I and Dai, Hui and Artzi, Yoav},
booktitle={Proceedings of the 2018 Conference on Empirical Methods in Natural Language Processing},
pages={4470--4481},
year={2018}
}



@article{BBCK10,
title={A theory of learning from different domains},
author={Ben-David, Shai and Blitzer, John and Crammer, Koby and Kulesza, Alex and Pereira, Fernando and Vaughan, Jennifer Wortman},
journal={Machine learning},
volume={79},
number={1-2},
pages={151--175},
year={2010},
publisher={Springer}
}


@article{AEP08,
title={Convex multi-task feature learning},
author={Argyriou, Andreas and Evgeniou, Theodoros and Pontil, Massimiliano},
journal={Machine learning},
volume={73},
number={3},
pages={243--272},
year={2008},
publisher={Springer}
}

@article{EMP05,
title={Learning multiple tasks with kernel methods},
author={Evgeniou, Theodoros and Micchelli, Charles A and Pontil, Massimiliano},
journal={Journal of machine learning research},
volume={6},
number={Apr},
pages={615--637},
year={2005}
}

@article{V20,
title={Revisiting Multi-Task Learning in the Deep Learning Era},
author={Vandenhende, Simon and Georgoulis, Stamatios and Proesmans, Marc and Dai, Dengxin and Van Gool, Luc},
journal={arXiv preprint arXiv:2004.13379},
year={2020}
}

@inproceedings{RH19,
title={Training complex models with multi-task weak supervision},
author={Ratner, Alexander and Hancock, Braden and Dunnmon, Jared and Sala, Frederic and Pandey, Shreyash and R{\'e}, Christopher},
booktitle={Proceedings of the AAAI Conference on Artificial Intelligence},
volume={33},
pages={4763--4771},
year={2019}
}

@article{ZY14,
title={A regularization approach to learning task relationships in multitask learning},
author={Zhang, Yu and Yeung, Dit-Yan},
journal={ACM Transactions on Knowledge Discovery from Data (TKDD)},
volume={8},
number={3},
pages={1--31},
year={2014},
publisher={ACM New York, NY, USA}
}

@inproceedings{NB17,
title={Risk bounds for transferring representations with and without fine-tuning},
author={McNamara, Daniel and Balcan, Maria-Florina},
booktitle={Proceedings of the 34th International Conference on Machine Learning-Volume 70},
pages={2373--2381},
year={2017},
organization={JMLR. org}
}

@inproceedings{BHKL19,
title={Generalize across tasks: Efficient algorithms for linear representation learning},
author={Bullins, Brian and Hazan, Elad and Kalai, Adam and Livni, Roi},
booktitle={Algorithmic Learning Theory},
pages={235--246},
year={2019}
}

@article{CCG10,
title={Linear algorithms for online multitask classification},
author={Cavallanti, Giovanni and Cesa-Bianchi, Nicolo and Gentile, Claudio},
journal={Journal of Machine Learning Research},
volume={11},
number={Oct},
pages={2901--2934},
year={2010}
}

@article{DM06,
title={Domain adaptation for statistical classifiers},
author={Daume III, Hal and Marcu, Daniel},
journal={Journal of artificial Intelligence research},
volume={26},
pages={101--126},
year={2006}
}


@inproceedings{ZD19,
title={On Learning Invariant Representations for Domain Adaptation},
author={Zhao, Han and Des Combes, Remi Tachet and Zhang, Kun and Gordon, Geoffrey},
booktitle={International Conference on Machine Learning},
pages={7523--7532},
year={2019}
}

@article{DH09,
title={Frustratingly easy domain adaptation},
author={Daum{\'e} III, Hal},
journal={arXiv preprint arXiv:0907.1815},
year={2009}
}

@article{DCSP18,
title={Incremental learning-to-learn with statistical guarantees},
author={Denevi, Giulia and Ciliberto, Carlo and Stamos, Dimitris and Pontil, Massimiliano},
journal={arXiv preprint arXiv:1803.08089},
year={2018}
}

@inproceedings{BB07,
title={Analysis of representations for domain adaptation},
author={Ben-David, Shai and Blitzer, John and Crammer, Koby and Pereira, Fernando},
booktitle={Advances in neural information processing systems},
pages={137--144},
year={2007}
}

@inproceedings{BC08,
title={Learning bounds for domain adaptation},
author={Blitzer, John and Crammer, Koby and Kulesza, Alex and Pereira, Fernando and Wortman, Jennifer},
booktitle={Advances in neural information processing systems},
pages={129--136},
year={2008}
}

@inproceedings{CWB11,
title={Co-training for domain adaptation},
author={Chen, Minmin and Weinberger, Kilian Q and Blitzer, John},
booktitle={Advances in neural information processing systems},
pages={2456--2464},
year={2011}
}

@inproceedings{MMR09,
title={Domain adaptation with multiple sources},
author={Mansour, Yishay and Mohri, Mehryar and Rostamizadeh, Afshin},
booktitle={Advances in neural information processing systems},
pages={1041--1048},
year={2009}
}

@inproceedings{ZS13,
title={Domain adaptation under target and conditional shift},
author={Zhang, Kun and Sch{\"o}lkopf, Bernhard and Muandet, Krikamol and Wang, Zhikun},
booktitle={International Conference on Machine Learning},
pages={819--827},
year={2013}
}

@inproceedings{pang2005seeing,
title={Seeing stars: Exploiting class relationships for sentiment categorization with respect to rating scales},
author={Pang, Bo and Lee, Lillian},
booktitle={Proceedings of the 43rd annual meeting on association for computational linguistics},
pages={115--124},
year={2005},
organization={Association for Computational Linguistics}
}

@inproceedings{pang2004sentimental,
title={A sentimental education: Sentiment analysis using subjectivity summarization based on minimum cuts},
author={Pang, Bo and Lee, Lillian},
booktitle={Proceedings of the 42nd annual meeting on Association for Computational Linguistics},
pages={271},
year={2004},
organization={Association for Computational Linguistics}
}

@inproceedings{hu2004mining,
title={Mining and summarizing customer reviews},
author={Hu, Minqing and Liu, Bing},
booktitle={Proceedings of the tenth ACM SIGKDD international conference on Knowledge discovery and data mining},
pages={168--177},
year={2004},
organization={ACM}
}

@inproceedings{li2002learning,
title={Learning question classifiers},
author={Li, Xin and Roth, Dan},
booktitle={Proceedings of the 19th international conference on Computational linguistics-Volume 1},
pages={1--7},
year={2002},
organization={Association for Computational Linguistics}
}

@article{wiebe2005annotating,
title={Annotating expressions of opinions and emotions in language},
author={Wiebe, Janyce and Wilson, Theresa and Cardie, Claire},
journal={Language resources and evaluation},
volume={39},
number={2-3},
pages={165--210},
year={2005},
publisher={Springer}
}

@inproceedings{socher2013recursive,
title={Recursive deep models for semantic compositionality over a sentiment treebank},
author={Socher, Richard and Perelygin, Alex and Wu, Jean and Chuang, Jason and Manning, Christopher D and Ng, Andrew and Potts, Christopher},
booktitle={Proceedings of the 2013 conference on empirical methods in natural language processing},
pages={1631--1642},
year={2013}
}

@inproceedings{huang2017densely,
title={Densely connected convolutional networks},
author={Huang, Gao and Liu, Zhuang and Van Der Maaten, Laurens and Weinberger, Kilian Q},
booktitle={Proceedings of the IEEE conference on computer vision and pattern recognition},
pages={4700--4708},
year={2017}
}


@inproceedings{pennington2014glove,
title={Glove: Global vectors for word representation},
author={Pennington, Jeffrey and Socher, Richard and Manning, Christopher D},
booktitle={Proceedings of the 2014 conference on empirical methods in natural language processing (EMNLP)},
pages={1532--1543},
year={2014}
}

@inproceedings{hsu2009multi,
title={Multi-label prediction via compressed sensing},
author={Hsu, Daniel J and Kakade, Sham M and Langford, John and Zhang, Tong},
booktitle={Advances in neural information processing systems},
pages={772--780},
year={2009}
}

@article{li2020transfer,
title={Transfer Learning for High-dimensional Linear Regression: Prediction, Estimation, and Minimax Optimality},
author={Li, Sai and Cai, T Tony and Li, Hongzhe},
journal={arXiv preprint arXiv:2006.10593},
year={2020}
}

@article{bastani2020predicting,
title={Predicting with proxies: Transfer learning in high dimension},
author={Bastani, Hamsa},
journal={Management Science},
year={2020},
publisher={INFORMS}
}

@article{dobriban2018high,
title={High-dimensional asymptotics of prediction: Ridge regression and classification},
author={Dobriban, Edgar and Wager, Stefan and others},
journal={The Annals of Statistics},
volume={46},
number={1},
pages={247--279},
year={2018},
publisher={Institute of Mathematical Statistics}
}
