@misc{
lei2021nearoptimal,
	title={Near-Optimal Linear Regression under Distribution Shift},
	author={Qi Lei and Wei Hu and Jason D. Lee},
	year={2021},
	url={https://openreview.net/forum?id=ww-7bdU6GA9}
}

@article{kalan2020minimax,
	title={Minimax Lower Bounds for Transfer Learning with Linear and One-hidden Layer Neural Networks},
	author={Kalan, Seyed Mohammadreza Mousavi and Fabian, Zalan and Avestimehr, A Salman and Soltanolkotabi, Mahdi},
	journal={arXiv preprint arXiv:2006.10581},
	year={2020}
}

@article{cao2019learning,
	title={Learning imbalanced datasets with label-distribution-aware margin loss},
	author={Cao, Kaidi and Wei, Colin and Gaidon, Adrien and Arechiga, Nikos and Ma, Tengyu},
	journal={arXiv preprint arXiv:1906.07413},
	year={2019}
}

@article{chen2021weighted,
	title={Weighted Training for Cross-Task Learning},
	author={Chen, Shuxiao and Crammer, Koby and He, Hangfeng and Roth, Dan and Su, Weijie J},
	journal={arXiv preprint arXiv:2105.14095},
	year={2021}
}
