@inproceedings{ZSSGM18,
	title={Taskonomy: Disentangling task transfer learning},
	author={Zamir, Amir R and Sax, Alexander and Shen, William and Guibas, Leonidas J and Malik, Jitendra and Savarese, Silvio},
	booktitle={Proceedings of the IEEE Conference on Computer Vision and Pattern Recognition},
	pages={3712--3722},
	year={2018}
}

}@article{PY09,
	title={A survey on transfer learning},
	author={Pan, Sinno Jialin and Yang, Qiang},
	journal={IEEE Transactions on knowledge and data engineering},
	volume={22},
	number={10},
	pages={1345--1359},
	year={2009},
	publisher={IEEE}
}

@article{K18,
	title={An introduction to domain adaptation and transfer learning},
	author={Kouw, Wouter M},
	journal={arXiv preprint arXiv:1812.11806},
	year={2018}
}


@article{LPTV09,
	title={Taking advantage of sparsity in multi-task learning},
	author={Lounici, Karim and Pontil, Massimiliano and Tsybakov, Alexandre B and Van De Geer, Sara},
	journal={arXiv preprint arXiv:0903.1468},
	year={2009}
}


@article{LPVT11,
	title={Oracle inequalities and optimal inference under group sparsity},
	author={Lounici, Karim and Pontil, Massimiliano and Van De Geer, Sara and Tsybakov, Alexandre B and others},
	journal={The annals of statistics},
	volume={39},
	number={4},
	pages={2164--2204},
	year={2011},
	publisher={Institute of Mathematical Statistics}
}

@inproceedings{WZR20,
	title={Understanding and Improving Information Transfer in Multi-Task Learning},
	author={Sen Wu and Hongyang R. Zhang and Christopher RÃ©},
	booktitle={International Conference on Learning Representations},
	year={2020}
}

@inproceedings{KD12,
	title={Learning task grouping and overlap in multi-task learning},
	author={Kumar, Abhishek and Daum{\'e} III, Hal},
	booktitle={Proceedings of the 29th International Coference on International Conference on Machine Learning},
	year={2012}
}

@article{EA20,
	title={Multi-task weak supervision enables automatedabnormality localization in whole-body FDG-PET/CT},
	author = {Sabri Eyuboglu and Geoffrey Angus and Bhavik N. Patel and Anuj Pareek and Guido Davidzon and JaredDunnmon and Matthew P. Lungren},
	year = {2020},
	url={http://stanford.edu/~gangus/res/petct.pdf}
}

@inproceedings{YCBL14,
	title={How transferable are features in deep neural networks?},
	author={Yosinski, Jason and Clune, Jeff and Bengio, Yoshua and Lipson, Hod},
	booktitle={Advances in neural information processing systems},
	pages={3320--3328},
	year={2014}
}

@article{YKGLHF20,
	title={Gradient surgery for multi-task learning},
	author={Yu, Tianhe and Kumar, Saurabh and Gupta, Abhishek and Levine, Sergey and Hausman, Karol and Finn, Chelsea},
	journal={arXiv preprint arXiv:2001.06782},
	year={2020}
}

@inproceedings{CBLR18,
	title={GradNorm: Gradient Normalization for Adaptive Loss Balancing in Deep Multitask Networks},
	author={Chen, Zhao and Badrinarayanan, Vijay and Lee, Chen-Yu and Rabinovich, Andrew},
	booktitle={International Conference on Machine Learning},
	pages={794--803},
	year={2018}
}

@inproceedings{LV19,
  title={Efficient Multi-Domain Learning by Covariance Normalization},
  author={Li, Yunsheng and Vasconcelos, Nuno},
  booktitle={Proceedings of the IEEE Conference on Computer Vision and Pattern Recognition},
  pages={5424--5433},
  year={2019}
}

@article{MTDNN19,
title={Multi-task deep neural networks for natural language understanding},
author={Liu, Xiaodong and He, Pengcheng and Chen, Weizhu and Gao, Jianfeng},
journal={arXiv preprint arXiv:1901.11504},
year={2019}
}

