@article{LPTV09,
	title={Taking advantage of sparsity in multi-task learning},
	author={Lounici, Karim and Pontil, Massimiliano and Tsybakov, Alexandre B and Van De Geer, Sara},
	journal={arXiv preprint arXiv:0903.1468},
	year={2009}
}


@article{LPVT11,
	title={Oracle inequalities and optimal inference under group sparsity},
	author={Lounici, Karim and Pontil, Massimiliano and Van De Geer, Sara and Tsybakov, Alexandre B and others},
	journal={The annals of statistics},
	volume={39},
	number={4},
	pages={2164--2204},
	year={2011},
	publisher={Institute of Mathematical Statistics}
}
